@book{hastie,
  author = {Hastie, T. and Tibshirani, R. and Friedman, J.},
  publisher = {Springer, New York},
  title = {The Elements of Statistical Learning},
  year = 2009
}

@book{james,
  author = {James, G. and Witten, D. and Hastie, T. and Tibshirani, R.},
  publisher = {Springer, New York},
  title = {An Introduction to Statistical Learning},
  year = 2017
}

@book{franke,
  author = {Franke, R.},
  publisher = {Naval Postgraduate School, California},
  title = {A Critical Comparison of Some Methods for Interpolation of Scattered Data},
  year = 1979,
}